<?xml version="1.0" encoding="UTF-8"?><collection xmlns="http://www.loc.gov/MARC21/slim"><record><leader>00486nam--2200169-i-4500</leader><controlfield tag="001">000029088</controlfield><controlfield tag="002">20161230</controlfield><controlfield tag="005">20170106171555</controlfield><controlfield tag="008">060222s1000------------r-----000-0-eng-d</controlfield><datafield ind1=" " ind2=" " tag="080"><subfield code="a">621.375.826</subfield></datafield><datafield ind1=" " ind2=" " tag="100"><subfield code="a">Levine, Sumner N</subfield></datafield><datafield ind1=" " ind2=" " tag="245"><subfield code="a">Electronique quantique</subfield><subfield code="c">trad. francaise par M. Perrin</subfield></datafield><datafield ind1=" " ind2=" " tag="260"><subfield code="a">Paris</subfield><subfield code="b">Masson Et C-ie</subfield><subfield code="c">1968</subfield></datafield><datafield ind1=" " ind2=" " tag="300"><subfield code="a">295 p</subfield></datafield><datafield ind1=" " ind2=" " tag="490"><subfield code="a">Collection D`Ouvrages De Mathematiques A L`Usage Des Physiciens</subfield></datafield><datafield ind1=" " ind2=" " tag="852"><subfield code="a">31496</subfield></datafield><datafield ind1=" " ind2=" " tag="CAT"><subfield code="a">SYS</subfield><subfield code="c">20170106</subfield><subfield code="h">171555</subfield></datafield></record></collection>